@ARTICLE{Kuhn,
           author = {{kuhn}, J.~R. and {Libbrecht}, K.~G. and {Dicke}, R.~H.},
            title = "{The surface temperature of the sun and changes in the solar constant}",
          journal = {Science},
         keywords = {Solar Constant, Solar Temperature, Surface Temperature, Limb Brightening, Temperature Measurement},
             year = 1988,
            month = nov,
           volume = 242,
            pages = {908-911},
              doi = {10.1126/science.242.4880.908},
           adsurl = {http://adsabs.harvard.edu/abs/1988Sci...242..908K},
          adsnote = {Provided by the SAO/NASA Astrophysics Data System}
        }
